@article{reich2013modular,
  title={{Modular SDN Programming with Pyretic}},
author={Reich, Joshua and Monsanto, Christopher and Foster, Nate and Rexford,
Jennifer and Walker, David},
  journal={USENIX; login},
  volume={38},
  number={5},
  pages={128--134},
  year={2013}
}

@article{npr-taiwan-misinfo,
  title={{Taiwan deals with lots of misinformation, and it's harder to track down}},
  author={Feng, Emily},
  journal={NPR},
  year={2024},
  month={January}
}

@article{ap-taiwan-misinfo,
  title={{How Taiwan beat back disinformation and preserved the integrity of its election}},
  author={Klepper, David and Wu, Huizhong},
  journal={NPR},
  year={2024},
  month={January}
}

@article{perspectives-taiwan,
  title={{The Implications of Taiwanâ€™s Growing Media Challenges}},
  author={Tensely, Brandon},
  journal={Perspectives on Taiwan: Insights from the 2018 Taiwan-U.S. Policy Program},
  year={2019},
  month={March},
  pages={37-41}
}

@misc{freedom-house-taiwan,
  title={Taiwan Freedom on the Net 2022},
  author={Freedom House},
  howpublished={\url{https://freedomhouse.org/country/taiwan/freedom-net/2022}},
  year={2022}
}